@article{dudzik2022graph,
  title={Graph neural networks are dynamic programmers},
  author={Dudzik, Andrew J and Veli{\v{c}}kovi{\'c}, Petar},
  journal={Advances in neural information processing systems},
  volume={35},
  pages={20635--20647},
  year={2022}
}

@article{xu2019can,
  title={What can neural networks reason about?},
  author={Xu, Keyulu and Li, Jingling and Zhang, Mozhi and Du, Simon S and Kawarabayashi, Ken-ichi and Jegelka, Stefanie},
  journal={arXiv preprint arXiv:1905.13211},
  year={2019}
}

@article{de1994categories,
  title={Categories, relations and dynamic programming},
  author={De Moor, Oege},
  journal={Mathematical Structures in Computer Science},
  volume={4},
  number={1},
  pages={33--69},
  year={1994},
  publisher={Cambridge University Press}
}
